@book{
    GabRam,
    author="Gabber, O. and Ramero, L.",
    title="Almost Ring Theory",
    address="Berlin",
    series="Lecture notes in mathematics",
    publisher="Springer-{V}erlag",
    year="2003"
},

@unpublished{
    GGO,
    author="Gillet, H. and Gorchinskiy, S. and Ovchinnikov, A.",
    title="{P}arameterized {P}icard-{V}essiot extensions and {A}tiyah extensions",
    year="2011",
    URL="http://arxiv.org/abs/1110.3526"
},

@phdthesis{
    Wibmer1,
    author="Wibmer, M.",
    title="Geometric Difference {G}alois Theory",
    year="2010",
    school="Heidelberg"
},

@article{
    Taieb10,
    author="Ben Taieb S. and Sorjamaa A. and Bontempi, G",
    title="Multiple-output modeling
for multi-step-ahead time series forecasting",
    journal="Neurocomputing",
    volume="73",
    number="10-12",
    year="2010",
    pages="1950--1957",
    URL="https://doi.org/10.1016/j.neucom.2009.11.030"
},

@article{
    Blockeel98,
    author="Blockeel H., De Raedt L.",
    title="Top-down induction of first-order logical
decision trees.",
    journal="Artificial Intelligence",
    volume="101",
    number="1-2",
    year="1998",
    pages="285--297",
    URL="https://doi.org/10.1016/S0004-3702(98)00034-4"
},

@article{
    Gromov15,
    author="Gromov V. A. and Borisenko E. A.",
    title="Predictive clustering on nonsuccessive observations for multi-step ahead chaotic time series prediction.",
    journal="Neural Computing and Applications",
    volume="26",
    number="8",
    year="2015",
    pages="1827--1838",
    URL="https://doi.org/10.1007/s00521-015-1845-8"
},

@book{
    Potapov00,
    author="Malinetskii G., Potapov A.",
    title="Modern Problems of Nonlinear Dynamics",
    publisher="Editorial URSS",
    year="2003"
},

@article{
    Kantz03,
    author="Kantz H., Schreiber T.",
    title="Nonlinear Time Series Analysis (2nd ed.)",
    journal="Cambridge University Press",
    year="2003",
    URL="https://doi.org/10.1017/CBO9780511755798"
},

@article{
    Small05,
    author="Small, M.",
    title="Applied nonlinear time series analysis: applications in physics, physiology and finance",
    journal="In World Scientific series in nonlinear science",
    volume="Series A",
    number="Issue 52",
    year="2005"
},

@article{
    Bao14,
    author="Bao Y., Xiong T. and Hu Z.",
    title="Multi-step-ahead time series prediction using multiple-output support vector regression.",
    journal="Neurocomputing",
    number="129",
    year="2014",
    pages="482--493",
    URL="https://doi.org/10.1016/j.neucom.2013.09.010"
},

@article{
    Gromov17,
    author="Gromov V. A., Konev A. S.",
    title="Precocious identification of popular topics on Twitter with the employment of predictive clustering.",
    journal="Neural Computing and Applications",
    volume="28",
    number="11",
    year="2017",
    pages="3317--3322",
    URL="https://doi.org/10.1007/s00521-016-2256-1"
},

@article{
    Wang20,
    author="Wang R. Peng C. Gao J. Gao, Z. and Jiang H.",
    title="A dilated convolution network-based LSTM model for multi-step prediction of chaotic time series.",
    journal="Computational and Applied Mathematics",
    volume="39",
    number="1",
    year="2020",
    pages="3317--3322",
    URL="https://doi.org/10.1007/s40314-019-1006-2"
},

@article{
    Taieb12,
    author="Ben Taieb S., Bontempi G., Atiya A. F. and Sorjamaa A.",
    title="A review and comparison of strategies for multi-step ahead time series forecasting based on the NN5 forecasting competition.",
    journal="Computational and Applied Mathematics",
    volume="39",
    number="8",
    year="2012",
    pages="7067--7083",
    URL="https://doi.org/10.1016/j.eswa.2012.01.039"
},

